<?xml version="1.0" encoding="UTF-8"?><collection xmlns="http://www.loc.gov/MARC21/slim"><record><leader>00359nam--2200133-i-4500</leader><controlfield tag="001">000013549</controlfield><controlfield tag="002">20161230</controlfield><controlfield tag="005">20161230201030</controlfield><controlfield tag="008">060222s1000------------r-----000-0-eng-d</controlfield><datafield ind1=" " ind2=" " tag="080"><subfield code="a">530.145:537.8</subfield></datafield><datafield ind1=" " ind2=" " tag="245"><subfield code="a">Foundations of radiation theory and quantum electrodynamics</subfield></datafield><datafield ind1=" " ind2=" " tag="260"><subfield code="a">New York, Plenum Press. 1980 X + 220 P</subfield></datafield><datafield ind1=" " ind2=" " tag="700"><subfield code="a">Barut, A.O</subfield></datafield><datafield ind1=" " ind2=" " tag="852"><subfield code="a">48929</subfield></datafield></record></collection>